<record><leader>00000cas a22000007a 4500</leader><controlfield tag="001">13104680</controlfield><controlfield tag="008">860204d18791891cauwr ne      0    0eng d</controlfield><datafield ind1=" " ind2=" " tag="010"><subfield code="a">sn 85066492 </subfield></datafield><datafield ind1=" " ind2=" " tag="040"><subfield code="a">KSH</subfield><subfield code="b">eng</subfield><subfield code="c">KSH</subfield><subfield code="d">NPT</subfield><subfield code="d">CNK</subfield><subfield code="d">OCLCQ</subfield><subfield code="d">OCLCF</subfield><subfield code="d">OCLCO</subfield></datafield><datafield ind1="1" ind2=" " tag="029"><subfield code="a">AU@</subfield><subfield code="b">000025839944</subfield></datafield><datafield ind1=" " ind2=" " tag="042"><subfield code="a">msc</subfield></datafield><datafield ind1=" " ind2=" " tag="043"><subfield code="a">n-us-ca</subfield></datafield><datafield ind1="0" ind2="4" tag="245"><subfield code="a">The Kern County Californian.</subfield></datafield><datafield ind1=" " ind2=" " tag="260"><subfield code="a">Bakersfield, Kern Co., Cal. :</subfield><subfield code="b">A.C. Maude</subfield></datafield><datafield ind1=" " ind2=" " tag="300"><subfield code="a">v. ;</subfield><subfield code="c">66 cm.</subfield></datafield><datafield ind1=" " ind2=" " tag="310"><subfield code="a">Weekly</subfield></datafield><datafield ind1="0" ind2=" " tag="362"><subfield code="a">-v. 26, no. 14 (Apr. 4, 1891).</subfield></datafield><datafield ind1="1" ind2=" " tag="362"><subfield code="a">Began in 1879.</subfield></datafield><datafield ind1=" " ind2=" " tag="500"><subfield code="a">Date of publication overlaps that of Southern Californian and Kern County weekly courier, &lt;Dec. 18&gt;-25, 1879.</subfield></datafield><datafield ind1=" " ind2=" " tag="515"><subfield code="a">Assumes vol. numbering of: Kern County weekly courier, with issue for Jan. 3, 1885.</subfield></datafield><datafield ind1=" " ind2=" " tag="588"><subfield code="a">Description based on: Vol. 1, no. 2 (Dec. 18, 1879).</subfield></datafield><datafield ind1=" " ind2="0" tag="651"><subfield code="a">Kern County (Calif.)</subfield><subfield code="v">Newspapers.</subfield></datafield><datafield ind1=" " ind2="7" tag="655"><subfield code="a">Newspapers.</subfield><subfield code="2">fast</subfield><subfield code="0">(OCoLC)fst01423814</subfield></datafield><datafield ind1=" " ind2="7" tag="651"><subfield code="a">California</subfield><subfield code="z">Kern County.</subfield><subfield code="2">fast</subfield><subfield code="0">(OCoLC)fst01204038</subfield></datafield><datafield ind1=" " ind2=" " tag="752"><subfield code="a">United States</subfield><subfield code="b">California</subfield><subfield code="c">Kern</subfield><subfield code="d">Bakersfield.</subfield></datafield><datafield ind1="0" ind2="0" tag="780"><subfield code="t">Southern Californian and Kern County weekly courier</subfield><subfield code="w">(DLC)sn 84038760</subfield></datafield><datafield ind1="0" ind2="0" tag="785"><subfield code="t">Weekly Californian (Bakersfield, Calif.)</subfield><subfield code="w">(DLC)sn 92068968</subfield></datafield></record>